
@misc{S23Y:online,
	author = {Vincent Keunen},
	title = {\textit{S23Y --- Software Services For Energy: Overview | LinkedIn}},
	howpublished = {\url{https://www.linkedin.com/company/s23y}},
	month = {},
	year = {},
	note = {(Visited on 04/06/2015)}
}

@misc{WhatIs:online,
	author = {WhatIs},
	title = {\textit{What is Internet of Things (IoT)?}},
	howpublished = {\url{http://whatis.techtarget.com/definition/Internet-of-Things}},
	month = {},
	year = {},
	note = {(Visited on 04/06/2015)}
}

@misc{Smartgrid:online,
author = {Wikipedia},
title = {\textit{Smart grid ---  Wikipedia{,} The Free Encyclopedia}},
	howpublished = {\url{https://en.wikipedia.org/wiki/Smart_grid}},
	month = {},
	year = {},
	note = {(Visited on 05/14/2015)}
}

@misc{01net:online,
author = {01net},
title = {\textit{Nest, Netatmo, Wiser... 6 solutions pour réduire la facture de chauffage cet hiver}},
howpublished = {\url{http://www.01net.com/editorial/629346/nest-netatmo-wiser-6-solutions-pour-reduire-la-facture-de-chauffage-cet-hiver/}},
month = {},
year = {},
note = {(Visited on 05/14/2015)}
}

@misc{Smartmeter:online,
author = {Wikipedia},
title = {\textit{Smart meter ---  Wikipedia{,} The Free Encyclopedia}},
howpublished = {\url{https://en.wikipedia.org/wiki/Smart_meter}},
month = {},
year = {},
note = {(Visited on 05/14/2015)}
}

@misc{Apache:online,
author = {The Apache Software Foundation},
title = {\textit{Apache License --- Version 2.0}},
howpublished = {\url{https://www.apache.org/licenses/LICENSE-2.0.html}},
month = {January},
year = {2014},
note = {(Visited on 05/14/2015)}
}

@misc{intellij:online,
author = {JetBrains},
title = {\textit{IntelliJ IDEA's website}},
howpublished = {\url{https://www.jetbrains.com/idea/}},
month = {},
year = {},
note = {(Visited on 05/14/2015)}
}

@misc{Springboot:online,
author = {Pivotal Software},
title = {\textit{Spring Boot's website --- Spring}},
howpublished = {\url{http://projects.spring.io/spring-boot/}},
month = {},
year = {},
note = {(Visited on 05/14/2015)}
}

@misc{googlecloudmsg:online,
author = {Google},
title = {\textit{Cloud Messaging --- Android Developers}},
howpublished = {\url{https://developers.google.com/cloud-messaging/}},
month = {},
year = {},
note = {(Visited on 05/31/2015)}
}

@misc{Mongo:online,
author = {Wikipedia},
title = {\textit{Mongo Db ---  Wikipedia{,} The Free Encyclopedia}},
howpublished = {\url{https://en.wikipedia.org/wiki/MongoDB}},
month = {},
year = {},
note = {(Visited on 05/19/2015)}
}

@misc{Android:online,
author = {Wikipedia},
title = {\textit{Android ---  Wikipedia{,} The Free Encyclopedia}},
howpublished = {\url{https://en.wikipedia.org/wiki/Android_(operating_system)}},
month = {},
year = {},
note = {(Visited on 05/19/2015)}
}

@misc{Androidlollipop:online,
author = {Google},
title = {\textit{Android Lollipop --- Android Developers}},
howpublished = {\url{https://developer.android.com/about/versions/lollipop.html}},
month = {},
year = {},
note = {(Visited on 05/19/2015)}
}

@misc{Androidstudio:online,
author = {Google},
title = {\textit{Android Studio Overview --- Android Developers}},
howpublished = {},
month = {},
year = {},
note = {(Visited on 04/22/2015)}
}

@misc{Support:online,
author = {Google},
title = {\textit{Support Library --- Android Developers}},
howpublished = {\url{https://developer.android.com/tools/support-library/index.html}},
month = {},
year = {},
note = {(Visited on 05/23/2015)}
}

@misc{SQLite:online,
author = {Wikipedia},
title = {\textit{SQLite ---  Wikipedia{,} The Free Encyclopedia}},
howpublished = {\url{https://en.wikipedia.org/wiki/SQLite}},
month = {},
year = {},
note = {(Visited on 05/23/2015)}
}

@misc{SQLite2:online,
author = {SQLite},
title = {\textit{SQLite --- Home Page}},
howpublished = {\url{https://www.sqlite.org/}},
month = {},
year = {},
note = {(Visited on 05/23/2015)}
}

@misc{OrmLite:online,
author = {OrmLite},
title = {\textit{OrmLite --- Lightweight Object Relational Mapping (ORM) Java Package}},
howpublished = {\url{http://ormlite.com/}},
month = {},
year = {},
note = {(Visited on 05/23/2015)}
}

@misc{Springandroid:online,
author = {Pivotal Software},
title = {\textit{Spring --- Spring for Android}},
howpublished = {\url{http://projects.spring.io/spring-android/}},
month = {},
year = {},
note = {(Visited on 05/23/2015)}
}

@misc{OAuth:online,
author = {Google},
title = {\textit{OAuth for Java Overview --- Google Cloud Platform}},
howpublished = {\url{https://cloud.google.com/appengine/docs/java/oauth/}},
month = {},
year = {},
note = {(Visited on 05/23/2015)}
}

@misc{REST:online,
author = {Wikipedia},
title = {\textit{Representational state transfer --- Wikipedia{,} The Free Encyclopedia}},
howpublished = {\url{https://en.wikipedia.org/wiki/Representational_state_transfer}},
month = {},
year = {},
note = {(Visited on 05/31/2015)}
}

@misc{Sahni:online,
author = {Vinay Sahni},
title = {\textit{Best Practices for Designing a Pragmatic RESTful API}},
howpublished = {\url{http://www.vinaysahni.com/best-practices-for-a-pragmatic-restful-api}},
month = {},
year = {},
note = {(Visited on 05/27/2015)}
}

@misc{levver:online,
author = {Levver},
title = {\textit{Actuele kWh prijs elektriciteit in België}},
howpublished = {\url{http://www.levver.be/prijs-elektriciteit-per-kwh/}},
month = {},
year = {},
note = {(Visited on 05/27/2015)}
}

@misc{bluesky:online,
author = {Jack Clayton},
title = {\textit{1 kilowatt-hour --- BlueSkyModel}},
howpublished = {\url{http://blueskymodel.org/kilowatt-hour}},
month = {},
year = {},
note = {(Visited on 05/27/2015)}
}

@misc{springdata:online,
author = { Wikipedia},
title = {\textit{Spring Framework ---  Wikipedia{,} The Free Encyclopedia}},
howpublished = {\url{https://en.wikipedia.org/wiki/Spring_Framework#Data_access_framework}},
month = {},
year = {},
note = {(Visited on 05/27/2015)}
}

@misc{movingavverage:online,
author = {Wikipedia},
title = {\textit{Moving average ---  Wikipedia{,} The Free Encyclopedia}},
howpublished = {\url{https://en.wikipedia.org/wiki/Moving_average}},
month = {},
year = {},
note = {(Visited on 05/27/2015)}
}

@misc{screen:online,
author = {Google},
title = {\textit{Supporting Multiple Screens --- Android Developers}},
howpublished = {\url{https://developer.android.com/guide/practices/screens_support.html}},
month = {},
year = {},
note = {(Visited on 04/25/2015)}
}

@misc{activity:online,
author = {Google},
title = {\textit{Activity --- Android Developers}},
howpublished = {\url{https://developer.android.com/reference/android/app/Activity.html}},
month = {},
year = {},
note = {(Visited on 05/24/2015)}
}

@misc{fragment:online,
author = {Google},
title = {\textit{Fragment --- Android Developers}},
howpublished = {\url{https://developer.android.com/reference/android/app/Fragment.html}},
month = {},
year = {},
note = {(Visited on 05/24/2015)}
}

@misc{seek:online,
author = {Google},
title = {\textit{Sliders --- Google design guidelines}},
howpublished = {\url{http://www.google.com/design/spec/components/sliders.html}},
month = {},
year = {},
note = {(Visited on 05/24/2015)}
}

@misc{CWAPE:online,
author = {CWAPE},
title = {\textit{Simulation based on your profile data --- CWAPE}},
howpublished = {\url{http://www.compacwape.be/proc/simulation?execution=e1s1#}},
month = {},
year = {},
note = {(Visited on 05/24/2015)}
}

@misc{Eventbusslide:online,
author = {GreenRobot},
title = {\textit{EventBus for Android --- SlideShare}},
howpublished = {\url{http://www.slideshare.net/greenrobot/eventbus-for-android-15314813}},
month = {},
year = {},
note = {(Visited on 04/25/2015)}
}

@misc{DAO:online,
author = {Tutorialspoint},
title = {\textit{Design Pattern Data Access Object Pattern --- Tutorialspoint}},
howpublished = {\url{http://www.tutorialspoint.com/design_pattern/data_access_object_pattern.htm}},
month = {},
year = {},
note = {(Visited on 06/01/2015)}
}

@mastersthesis{patrick:thesis,
author  	=     {Patrick Herbeuval},
title   	=     {\textit{Réalisation d'un système de suivi en temps réel de la consommation énergétique sur mobile}},
school  	=     {Université de Liège},
address 	=     {Liège},
year    	=     {2014},
}

@unpublished{boigelot,
  Author = {Bernard Boigelot},
  Institution = {Université de Liège},
  Howpublished = {},
  Year = {2014},
  Title = {\textit{Object-oriented software engineering}. {Université de Liège}.}
}

@article{bigdata:article,
    author  = "Andrew McAfee and Erik Brynjolfsson",
    title   = "\textit{Big Data: The Management Revolution}",
    month 	= "October",
    year    = "2012",
    journal = "Harvard Business Review",
    volume  = "",
    number  = "",
    pages   = "60-6"
}

@article{europe:article,
    author  = "Europen Smart Metering Industry Group",
    title   = "\textit{Smart Metering for Europe --- A key technology to achieve the 20-20-20 targets}",
    month 	= "January",
    year    = "2009"
}

@article{creg:article,
    author  = "Commission de Régulation de l'Électricité et du Gaz",
    title   = "\textit{Charte de bonnes pratiques pour les sites Internet de comparaison des prix de l'électricité et du gaz}",
    month 	= "July",
    year    = "2013"
}


@Book{professional:book,
 author = {Williams, Nicholas},
 title = {Professional java for web applications --- featuring websockets, spring framework, JPA hibernate, and spring security},
 publisher = {Wiley},
 year = {2014},
 address = {Indianapolis, Indiana},
 isbn = {978-1-118-65646-4}
 }

 @Book{nosql:book,
 author = {Sadalage, Pramod},
 title = {NoSQL distilled --- a brief guide to the emerging world of polyglot persistence},
 publisher = {Addison-Wesley},
 year = {2013},
 address = {Upper Saddle River, NJ},
 isbn = {0-321-82662-0}
 }

 @Book{bignerch:book,
 author = {Phillips, Bill},
 title = {Android programming --- the Big Nerd Ranch guide},
 publisher = {Big Nerd Ranch},
 year = {2013},
 address = {Atlanta, GA},
 isbn = {9780321804334}
 }

 @Book{introandroid:book,
 author = {Annuzzi, Joseph},
 title = {Introduction to Android application development --- Android essentials},
 publisher = {Addison-Wesley},
 year = {2014},
 address = {Upper Saddle River, NJ},
 isbn = {0321940261}
 }

 @Book{junit:book,
 author = {Tahchiev, Petar},
 title = {JUnit in action},
 publisher = {Manning},
 year = {2011},
 address = {Greenwich},
 isbn = {9781935182023}
 }

 @Book{cleancode:book,
 author = {Martin, Robert},
 title = {Clean code --- a handbook of agile software craftsmanship},
 publisher = {Prentice Hall},
 year = {2009},
 address = {Upper Saddle River, NJ},
 isbn = {978-0132350884}
 }